<collection xmlns="http://www.loc.gov/MARC21/slim"><record><leader>00727nam  2200217   450</leader><controlfield tag="001">683</controlfield><controlfield tag="003">http://montalegre.opacnet.com/OPAC/default.aspx?ContentAreaControl=ShowRegHoldings.ascx&amp;RegNo=16662</controlfield><datafield tag="095" ind1=" " ind2=" "><subfield code="a">PTBN00612345</subfield></datafield><datafield tag="100" ind1=" " ind2=" "><subfield code="a">19910802d1984    a  y0pory010305  ba</subfield></datafield><datafield tag="101" ind1="0" ind2=" "><subfield code="a">por</subfield></datafield><datafield tag="102" ind1=" " ind2=" "><subfield code="a">PT</subfield></datafield><datafield tag="200" ind1="1" ind2=" "><subfield code="a">&lt;O &gt;senhor-que-não-sabia-contar-histórias</subfield><subfield code="f">Carlos Pinhão</subfield><subfield code="g">il. Ana Duarte de Almeida</subfield></datafield><datafield tag="210" ind1=" " ind2=" "><subfield code="a">Lisboa</subfield><subfield code="c">Horizonte</subfield><subfield code="d">1984</subfield></datafield><datafield tag="215" ind1=" " ind2=" "><subfield code="a">32 p.</subfield><subfield code="c">il.</subfield><subfield code="d">23 cm</subfield></datafield><datafield tag="225" ind1="0" ind2=" "><subfield code="v">51</subfield></datafield><datafield tag="675" ind1=" " ind2=" "><subfield code="a">087.5</subfield><subfield code="v">BN</subfield><subfield code="z">por</subfield></datafield><datafield tag="700" ind1=" " ind2="1"><subfield code="a">Pinhão</subfield><subfield code="b">Carlos</subfield><subfield code="f">1924-1993</subfield></datafield><datafield tag="702" ind1=" " ind2="1"><subfield code="a">Almeida</subfield><subfield code="b">Ana Duarte de</subfield><subfield code="4">440</subfield></datafield><datafield tag="801" ind1=" " ind2="0"><subfield code="a">PT</subfield><subfield code="b">Biblioteca Municipal de Montalegre</subfield><subfield code="g">RPC</subfield></datafield><datafield tag="856" ind1=" " ind2=" "><subfield code="u">locateMedia.asp?cod=20060524153110&amp;ext=jpg</subfield><subfield code="z">CAPA</subfield></datafield><datafield tag="909" ind1="&#9;" ind2=" "><subfield code="a">2</subfield></datafield><datafield tag="966" ind1=" " ind2=" "><subfield code="a">0001802</subfield><subfield code="l">BMM</subfield><subfield code="s">SI 82-34 PIN sen 51</subfield></datafield><datafield tag="966" ind1=" " ind2=" "><subfield code="a">0001805</subfield><subfield code="l">BMM</subfield><subfield code="s">SI 82-34 PIN sen 51</subfield></datafield></record></collection>